@article{cheon2015replacing,
  title={On Replacing PID Controller with Deep Learning Controller for DC Motor System},
  author={Cheon, Kangbeom and Kim, Jaehoon and Hamadache, Moussa and Lee, Dongik},
  journal={Journal of Automation and Control Engineering Vol},
  volume={3},
  number={6},
  year={2015}
}
@misc{chollet2015,
author = {Fran√ßois Chollet },
title = {keras},
year = {2015},
publisher = {GitHub},
journal = {GitHub repository},
howpublished = {\url{https://github.com/fchollet/keras}},
commit = {5bcac37}
}

@incollection{NIPS2012_4824,
title = {ImageNet Classification with Deep Convolutional Neural Networks},
author = {Alex Krizhevsky and Sutskever, Ilya and Hinton, Geoffrey E},
booktitle = {Advances in Neural Information Processing Systems 25},
editor = {F. Pereira and C. J. C. Burges and L. Bottou and K. Q. Weinberger},
pages = {1097--1105},
year = {2012},
publisher = {Curran Associates, Inc.},
url = {http://papers.nips.cc/paper/4824-imagenet-classification-with-deep-convolutional-neural-networks.pdf}
}
@inproceedings{xu2015show,
  title={Show, attend and tell: Neural image caption generation with visual attention},
  author={Xu, Kelvin and Ba, Jimmy and Kiros, Ryan and Cho, Kyunghyun and Courville, Aaron and Salakhudinov, Ruslan and Zemel, Rich and Bengio, Yoshua},
  booktitle={International Conference on Machine Learning},
  pages={2048--2057},
  year={2015}
}
@inproceedings{long2015fully,
  title={Fully convolutional networks for semantic segmentation},
  author={Long, Jonathan and Shelhamer, Evan and Darrell, Trevor},
  booktitle={Proceedings of the IEEE Conference on Computer Vision and Pattern Recognition},
  pages={3431--3440},
  year={2015}
}
@article{shahraki2009adaptive,
  title={Adaptive system control with PID neural networks},
  author={Shahraki, F and Fanaei, MA and Arjomandzadeh, AR},
  journal={Chemical Engineering Transactions},
  number={17},
  pages={1395--1400},
  year={2009}
}
@article{shu2000pid,
  title={PID neural networks for time-delay systems},
  author={Shu, Huailin and Pi, Youguo},
  journal={Computers \& Chemical Engineering},
  volume={24},
  number={2},
  pages={859--862},
  year={2000},
  publisher={Elsevier}
}
@article{shu2005decoupled,
  title={Decoupled temperature control system based on PID neural network},
  author={Shu, Huailin and Pi, Youguo},
  journal={networks},
  volume={1},
  pages={8},
  year={2005}
}
@article{lecun1995convolutional,
  title={Convolutional networks for images, speech, and time series},
  author={LeCun, Yann and Bengio, Yoshua and others}
}
@inproceedings{naseer2015robust,
  title={Robust visual SLAM across seasons},
  author={Naseer, Tayyab and Ruhnke, Michael and Stachniss, Cyrill and Spinello, Luciano and Burgard, Wolfram},
  booktitle={Intelligent Robots and Systems (IROS), 2015 IEEE/RSJ International Conference on},
  pages={2529--2535},
  year={2015},
  organization={IEEE}
}
@article{bojarski2016end,
  title={End to end learning for self-driving cars},
  author={Bojarski, Mariusz and Del Testa, Davide and Dworakowski, Daniel and Firner, Bernhard and Flepp, Beat and Goyal, Prasoon and Jackel, Lawrence D and Monfort, Mathew and Muller, Urs and Zhang, Jiakai and others},
  journal={arXiv preprint arXiv:1604.07316},
  year={2016}
}
@article{giusti2016machine,
  title={A machine learning approach to visual perception of forest trails for mobile robots},
  author={Giusti, Alessandro and Guzzi, J{\'e}r{\^o}me and Cire{\c{s}}an, Dan C and He, Fang-Lin and Rodr{\'\i}guez, Juan P and Fontana, Flavio and Faessler, Matthias and Forster, Christian and Schmidhuber, J{\"u}rgen and Di Caro, Gianni and others},
  journal={IEEE Robotics and Automation Letters},
  volume={1},
  number={2},
  pages={661--667},
  year={2016},
  publisher={IEEE}
}